<record><leader>01094cam a2200277 a 4500</leader><controlfield tag="001">1371328</controlfield><controlfield tag="008">910419t19851984gw                0 eng c</controlfield><datafield ind1=" " ind2=" " tag="035"><subfield code="a">ocm70345304</subfield></datafield><datafield ind1=" " ind2=" " tag="040"><subfield code="b">eng</subfield></datafield><datafield ind1=" " ind2=" " tag="043"><subfield code="a">e-gw---</subfield></datafield><datafield ind1=" " ind2=" " tag="049"><subfield code="a">AEU</subfield><subfield code="b">eng</subfield></datafield><datafield ind1=" " ind2="3" tag="055"><subfield code="a">NE 1150</subfield><subfield code="b">G373 1984</subfield></datafield><datafield ind1="0" ind2=" " tag="090"><subfield code="a">NE 1150 G373 1984</subfield></datafield><datafield ind1="0" ind2="0" tag="245"><subfield code="a">German woodcut in the 20th century.</subfield></datafield><datafield ind1=" " ind2=" " tag="260"><subfield code="a">Stuttgart :</subfield><subfield code="b">Institute for Foreign Cultural Relations,</subfield><subfield code="c">[1985], c1984.</subfield></datafield><datafield ind1=" " ind2=" " tag="300"><subfield code="a">177 p. :</subfield><subfield code="b">ill. (some col.) ;</subfield><subfield code="c">28 cm.</subfield></datafield><datafield ind1=" " ind2=" " tag="336"><subfield code="a">text</subfield><subfield code="b">txt</subfield><subfield code="2">rdacontent</subfield></datafield><datafield ind1=" " ind2=" " tag="337"><subfield code="a">unmediated</subfield><subfield code="b">n</subfield><subfield code="2">rdamedia</subfield></datafield><datafield ind1=" " ind2=" " tag="338"><subfield code="a">volume</subfield><subfield code="b">nc</subfield><subfield code="2">rdacarrier</subfield></datafield><datafield ind1=" " ind2=" " tag="500"><subfield code="a">"An exhibition organised by the Institute for Foreign Cultural Relations, Stuttgart ; conceived and compiled 1981-1984 and texts Gunther Thiem."</subfield></datafield><datafield ind1=" " ind2=" " tag="504"><subfield code="a">Includes bibliographical references (p. 12).</subfield></datafield><datafield ind1=" " ind2=" " tag="596"><subfield code="a">43</subfield></datafield><datafield ind1=" " ind2="0" tag="650"><subfield code="a">Wood-engraving, German</subfield><subfield code="y">20th century</subfield><subfield code="v">Exhibitions.</subfield></datafield><datafield ind1="1" ind2=" " tag="700"><subfield code="a">Thiem, Gunther.</subfield></datafield><datafield ind1="2" ind2=" " tag="710"><subfield code="a">Institut f&#252;r Auslandsbeziehungen.</subfield></datafield><datafield ind1=" " ind2=" " tag="926"><subfield code="a">NE 1150 G373 1984</subfield><subfield code="w">LC</subfield><subfield code="c">1</subfield><subfield code="i">000036230035</subfield><subfield code="d">10/7/2015</subfield><subfield code="e">9/2/2015</subfield><subfield code="l">ON_SHELF</subfield><subfield code="m">UAHSS</subfield><subfield code="n">28</subfield><subfield code="p">$150.00</subfield><subfield code="r">Y</subfield><subfield code="s">Y</subfield><subfield code="t">BOOK</subfield><subfield code="u">4/24/1991</subfield></datafield></record>